@book{jenny,
	title="{Projektmanagement: das Wissen für eine erfolgreiche Karriere}",
	author="Bruno {Jenny}",
	isbn="978-3-7281-3621-3",
	year="2005",
	publisher="vdf Hochschulverlag"
}

@misc{wiki:projektmanagement,
	author = "Wikipedia",
	title = "{Projektmanagement --- Wikipedia, Die freie Enzyklopädie}",
	year = "2014",
	url = "http://de.wikipedia.org/w/index.php?title=Projektmanagement&oldid=134052409",
	note = "[Online; Stand 21. September 2014]"
}
