@misc{cnet,
	author		= "Anonymous",
	year		= "2014",
	publisher	= "c|net",
	title		= "{Raspberry Pi B+ gets more USBs and microSD for the same tiny price}",
	howpublished	= "\url{http://www.cnet.com/products/raspberry-pi-model-b-plus/}",
	note		= "Online; abgerufen am 31. Oktober 2014"
}


@misc{elmikro,
	author		= "Anonymous",
	year		= "2014",
	publisher	= "Elektronik Laden --- Development Tools f√ºr Entwickler von Embedded Systemen",
	title		= "{Freescale FRDM-KL25Z --- Freedom Board (mbed-enabled) mit Kinetis L und ARM Cortex-M0+}",
	howpublished	= "\url{http://elmicro.com/de/frdm-kl25z.html}",
	note		= "Online; abgerufen am 31. Oktober 2014"
}

@misc{RPiFoundation,
	author		= "Anonymous",
	year		= "2014",
	publisher	= "Raspberry Pi Foundation",
	title		= "{About us} --- {The making of Pi}",
	howpublished	= "\url{http://www.raspberrypi.org/about/}",
	note		= "Online; abgerufen am 31. Oktober 2014"
}

@misc{liz,
	author		= "Liz Upton",
	year		= "2014",
	publisher	= "Raspberry Pi Foundation",
	title		= "{Raspberry Pi at Buckingham Palace, 3 Million sold}",
	howpublished	= "\url{http://www.raspberrypi.org/raspberry-pi-at-buckingham-palace-3-million-sold/}",
	note		= "Online; abgerufen am 31. Oktober 2014"
}

@misc{elv,
	author		= "Anonymous",
	year		= "2014",
	journal		= "ELVjournal",
	number		= "5",
	pages		= "{78-85}",
	title		= "{ARM Einplatinencomputer}",
	howpublished	= "\url{http://www.raspberrypi.org/raspberry-pi-at-buckingham-palace-3-million-sold/}",
	note		= "Online; abgerufen am 31. Oktober 2014"
}
